<?xml version="1.0" encoding="UTF-8"?><collection xmlns="http://www.loc.gov/MARC21/slim"><record><leader>00512nam--2200181-i-4500</leader><controlfield tag="001">000015922</controlfield><controlfield tag="002">20161230</controlfield><controlfield tag="005">20161230201031</controlfield><controlfield tag="008">060222s1000------------r-----000-0-eng-d</controlfield><datafield ind1=" " ind2=" " tag="040"><subfield code="a">IFIN-HH</subfield></datafield><datafield ind1=" " ind2=" " tag="080"><subfield code="a">539.19:530.145</subfield></datafield><datafield ind1="1" ind2=" " tag="100"><subfield code="a">Theissing, H.H</subfield></datafield><datafield ind1="1" ind2="0" tag="245"><subfield code="a">Spectroscopic calculations for a multielectron ion</subfield><subfield code="c">H.h. theissing, p.j. caplan</subfield></datafield><datafield ind1=" " ind2=" " tag="260"><subfield code="a">New York</subfield><subfield code="b">Interscience Publishers</subfield><subfield code="c">1966</subfield></datafield><datafield ind1=" " ind2=" " tag="300"><subfield code="a">VIII + 209 P</subfield></datafield><datafield ind1="1" ind2=" " tag="700"><subfield code="a">Caplan, P.J</subfield></datafield><datafield ind1=" " ind2=" " tag="852"><subfield code="a">27343</subfield><subfield code="c">539.19</subfield></datafield><datafield ind1=" " ind2=" " tag="CAT"><subfield code="a">Sys</subfield><subfield code="c">20120712</subfield><subfield code="h">141659</subfield></datafield></record></collection>